

platform

@inproceedings{warp,
  title={WARP, a Modular Testbed for Configurable Wireless Network Research at Rice},
  author={Amiri, Kiarash and Sun, Yang and Murphy, Patrick and Hunter, Chris and Cavallaro, Joseph R and Sabharwal, Ashutosh},
  booktitle={In: Proceedings of IEEE SWRIF},
  year={2007},
  organization={Citeseer}
}

@misc{ettus09usrp,
  title={Universal software radio peripheral},
  author={Ettus, Matt},
  year={2009}
}

@article{gnuradio,
  title={GNU radio: tools for exploring the radio frequency spectrum},
  author={Blossom, Eric},
  journal={Linux journal},
  volume={2004},
  number={122},
  pages={4},
  year={2004},
  publisher={Belltown Media}
}

@article{bell95wise,
  title={WISE design of indoor wireless systems: practical computation and optimization},
  author={Fortune, Steven J and Gay, David M and Kernighan, Brian W and Landron, Orlando and Valenzuela, Reinaldo A and Wright, Margaret H},
  journal={IEEE Computational science and Engineering},
  volume={2},
  number={1},
  pages={58--68},
  year={1995},
  publisher={IEEE}
}

standard

@article{ieee80211,
  title={802.11-2012-IEEE Standard for Information technology--Telecommunications and information exchange between systems Local and metropolitan area networks--Specific requirements Part 11: Wireless LAN Medium Access Control (MAC) and Physical Layer (PHY) Specifications},
  author={IEEE Standards Association and others},
  journal={IEEE Std},
  volume={802},
  year={2012}
}

paper

@article{access16key,
  title={Experimental Study on Key Generation for Physical Layer Security in Wireless Communications},
  author={Zhang, Junqing and Woods, Roger and Duong, Trung Q and Marshall, Alan and Ding, Yuan and Huang, Yi and Xu, Qian},
  journal={IEEE Access},
  volume={4},
  pages={4464--4477},
  year={2016},
  publisher={IEEE}
}

@inproceedings{asiaccs14csi,
  title={Practical user authentication leveraging channel state information (CSI)},
  author={Liu, Hongbo and Wang, Yan and Liu, Jian and Yang, Jie and Chen, Yingying},
  booktitle={Proceedings of the 9th ACM symposium on Information, computer and communications security},
  pages={389--400},
  year={2014},
  organization={ACM}
}

@inproceedings{acsac15iot,
  title={Using channel state information for tamper detection in the internet of things},
  author={Bagci, Ibrahim Ethem and Roedig, Utz and Martinovic, Ivan and Schulz, Matthias and Hollick, Matthias},
  booktitle={Proceedings of the 31st Annual Computer Security Applications Conference},
  pages={131--140},
  year={2015},
  organization={ACM}
}

@inproceedings{ccs07robustkey,
  title={Robust key generation from signal envelopes in wireless networks},
  author={Azimi-Sadjadi, Babak and Kiayias, Aggelos and Mercado, Alejandra and Yener, Bulent},
  booktitle={Proceedings of the 14th ACM conference on Computer and communications security},
  pages={401--410},
  year={2007},
  organization={ACM}
}

@inproceedings{ccs16csi,
  title={When CSI Meets Public WiFi: Inferring Your Mobile Phone Password via WiFi Signals},
  author={Li, Mengyuan and Meng, Yan and Liu, Junyi and Zhu, Haojin and Liang, Xiaohui and Liu, Yao and Ruan, Na},
  booktitle={Proceedings of the 2016 ACM SIGSAC Conference on Computer and Communications Security},
  pages={1068--1079},
  year={2016},
  organization={ACM}
}

@inproceedings{ccs16mumimo,
  title={Stemming Downlink Leakage from Training Sequences in Multi-User MIMO Networks},
  author={Mao, Yunlong and Zhang, Yuan and Zhong, Sheng},
  booktitle={Proceedings of the 2016 ACM SIGSAC Conference on Computer and Communications Security},
  pages={1580--1590},
  year={2016},
  organization={ACM}
}

@inproceedings{citsa05backoff,
  title={A simple and effective backoff scheme for the IEEE 802.11 MAC protocol},
  author={Chatzimisios, P and Boucouvalas, AC and Vitsas, V and Vafiadis, A and Economidis, A and Huang, P},
  booktitle={Proceedings of the 2nd International Conference on Cybernetics and Information Technologies, Systems and Applications (CITSA 2005)},
  volume={1},
  pages={48--53},
  year={2005}
}

@inproceedings{cns15injection,
  title={Physical layer key agreement under signal injection attacks},
  author={Jin, Rong and Zeng, Kai},
  booktitle={Communications and Network Security (CNS), 2015 IEEE Conference on},
  pages={254--262},
  year={2015},
  organization={IEEE}
}

@inproceedings{cns15key,
  title={Physical layer key agreement under signal injection attacks},
  author={Jin, Rong and Zeng, Kai},
  booktitle={Communications and Network Security (CNS), 2015 IEEE Conference on},
  pages={254--262},
  year={2015},
  organization={IEEE}
}

@inproceedings{globecom10xiao,
  title={PHY-authentication protocol for spoofing detection in wireless networks},
  author={Xiao, Liang and Reznik, Alex and Trappe, Wade and Ye, Chunxuan and Shah, Yogendra and Greenstein, Larry and Mandayam, Narayan},
  booktitle={Global Telecommunications Conference (GLOBECOM 2010), 2010 IEEE},
  pages={1--6},
  year={2010},
  organization={IEEE}
}

@inproceedings{globecom14key,
  title={Secure key generation from OFDM subcarriers' channel responses},
  author={Zhang, Junqing and Marshall, Alan and Woods, Roger and Duong, Trung Q},
  booktitle={Globecom Workshops (GC Wkshps), 2014},
  pages={1302--1307},
  year={2014},
  organization={IEEE}
}

@inproceedings{globecom14location,
  title={Privacy-preserving location authentication in WiFi with fine-grained physical layer information},
  author={Chen, Yingjie and Wang, Wei and Zhang, Qian},
  booktitle={Global Communications Conference (GLOBECOM), 2014 IEEE},
  pages={4827--4832},
  year={2014},
  organization={IEEE}
}

@inproceedings{icc07xiao,
  title={Fingerprints in the ether: Using the physical layer for wireless authentication},
  author={Xiao, Liang and Greenstein, Larry and Mandayam, Narayan and Trappe, Wade},
  booktitle={Communications, 2007. ICC'07. IEEE International Conference on},
  pages={4646--4651},
  year={2007},
  organization={IEEE}
}

@inproceedings{icc13cir,
  title={A two dimensional quantization algorithm for CIR-based physical layer authentication},
  author={Liu, Fiona Jiazi and Wang, Xianbin and Primak, Serguei L},
  booktitle={Communications (ICC), 2013 IEEE International Conference on},
  pages={4724--4728},
  year={2013},
  organization={IEEE}
}

@inproceedings{icnc13cognitive,
  title={An improved LFS engine for physical layer security augmentation in cognitive networks},
  author={Harmer, Paul K and Temple, Michael A},
  booktitle={Computing, Networking and Communications (ICNC), 2013 International Conference on},
  pages={719--723},
  year={2013},
  organization={IEEE}
}

@article{ieeewc10noncryp,
  title={Non-cryptographic authentication and identification in wireless networks [Security and privacy in emerging wireless networks]},
  author={Zeng, Kai and Govindan, Kannan and Mohapatra, Prasant},
  journal={IEEE Wireless Communications},
  volume={17},
  number={5},
  year={2010},
  publisher={IEEE}
}

@article{iet13multilayer,
  title={Manual and Automatic assigned thresholds in multi-layer data fusion intrusion detection system for 802.11 attacks},
  author={Kyriakopoulos, Konstantinos G and Aparicio-Navarro, Francisco J and Parish, David John},
  journal={IET Information Security},
  volume={8},
  number={1},
  pages={42--50},
  year={2014},
  publisher={IET}
}

@article{ijarcet12wpa2,
  title={Vulnerabilities of Wireless Security protocols (WEP and WPA2)},
  author={Kumkar, Vishal and Tiwari, Akhil and Tiwari, Pawan and Gupta, Ashish and Shrawne, Seema},
  journal={International Journal of Advanced Research in Computer Engineering \& Technology (IJARCET)},
  volume={1},
  number={2},
  pages={34--38},
  year={2012}
}

@inproceedings{infocom13csi,
  title={Rejecting the attack: Source authentication for wi-fi management frames using csi information},
  author={Jiang, Zhiping and Zhao, Jizhong and Li, Xiang-Yang and Han, Jinsong and Xi, Wei},
  booktitle={INFOCOM, 2013 Proceedings IEEE},
  pages={2544--2552},
  year={2013},
  organization={IEEE}
}

@inproceedings{infocom13key,
  title={Fast and practical secret key extraction by exploiting channel response},
  author={Liu, Hongbo and Wang, Yang and Yang, Jie and Chen, Yingying},
  booktitle={INFOCOM, 2013 Proceedings IEEE},
  pages={3048--3056},
  year={2013},
  organization={IEEE}
}

@inproceedings{infocom14blueid,
  title={Blueid: A practical system for bluetooth device identification},
  author={Huang, Jun and Albazrqaoe, Wahhab and Xing, Guoliang},
  booktitle={INFOCOM, 2014 Proceedings IEEE},
  pages={2849--2857},
  year={2014},
  organization={IEEE}
}

@inproceedings{infocom14relay,
  title={Physical layer challenge-response authentication in wireless networks with relay},
  author={Du, Xianru and Shan, Dan and Zeng, Kai and Huie, Lauren},
  booktitle={INFOCOM, 2014 Proceedings IEEE},
  pages={1276--1284},
  year={2014},
  organization={IEEE}
}

@inproceedings{iwqos14key,
  title={KEEP: Fast secret key extraction protocol for D2D communication},
  author={Xi, Wei and Li, Xiang-Yang and Qian, Chen and Han, Jinsong and Tang, Shaojie and Zhao, Jizhong and Zhao, Kun},
  booktitle={Quality of Service (IWQoS), 2014 IEEE 22nd International Symposium of},
  pages={350--359},
  year={2014},
  organization={IEEE}
}

@article{jsac12antijamming,
  title={Anti-jamming games in multi-channel cognitive radio networks},
  author={Wu, Yongle and Wang, Beibei and Liu, KJ Ray and Clancy, T Charles},
  journal={IEEE Journal on Selected Areas in Communications},
  volume={30},
  number={1},
  pages={4--15},
  year={2012},
  publisher={IEEE}
}

@inproceedings{milcom11cir,
  title={Robust physical layer authentication using inherent properties of channel impulse response},
  author={Liu, Fiona Jiazi and Wang, Xianbin and Tang, Helen},
  booktitle={Military Communications Conference, 2011-MILCOM 2011},
  pages={538--542},
  year={2011},
  organization={IEEE}
}

@inproceedings{milcom13jamming,
  title={Cognitive jamming game for dynamically countering ad hoc cognitive radio networks},
  author={Conley, William G and Miller, Adam J},
  booktitle={Military Communications Conference, MILCOM 2013-2013 IEEE},
  pages={1176--1182},
  year={2013},
  organization={IEEE}
}

@inproceedings{mobicom08key,
  title={Radio-telepathy: extracting a secret key from an unauthenticated wireless channel},
  author={Mathur, Suhas and Trappe, Wade and Mandayam, Narayan and Ye, Chunxuan and Reznik, Alex},
  booktitle={Proceedings of the 14th ACM international conference on Mobile computing and networking},
  pages={128--139},
  year={2008},
  organization={ACM}
}

@inproceedings{mobicom08radiometric,
  title={Wireless device identification with radiometric signatures},
  author={Brik, Vladimir and Banerjee, Suman and Gruteser, Marco and Oh, Sangho},
  booktitle={Proceedings of the 14th ACM international conference on Mobile computing and networking},
  pages={116--127},
  year={2008},
  organization={ACM}
}

@inproceedings{mobicom09key,
  title={On the effectiveness of secret key extraction from wireless signal strength in real environments},
  author={Jana, Suman and Premnath, Sriram Nandha and Clark, Mike and Kasera, Sneha K and Patwari, Neal and Krishnamurthy, Srikanth V},
  booktitle={Proceedings of the 15th annual international conference on Mobile computing and networking},
  pages={321--332},
  year={2009},
  organization={ACM}
}

@inproceedings{mobicom13securearray,
  title={Securearray: Improving wifi security with fine-grained physical-layer information},
  author={Xiong, Jie and Jamieson, Kyle},
  booktitle={Proceedings of the 19th annual international conference on Mobile computing \& networking},
  pages={441--452},
  year={2013},
  organization={ACM}
}

@inproceedings{mobicom16openmili,
  title={OpenMili: a 60 GHz software radio platform with a reconfigurable phased-array antenna},
  author={Zhang, Jialiang and Zhang, Xinyu and Kulkarni, Pushkar and Ramanathan, Parameswaran},
  booktitle={Proceedings of the 22nd Annual International Conference on Mobile Computing and Networking},
  pages={162--175},
  year={2016},
  organization={ACM}
}

@inproceedings{mobisys10proximity,
  title={Ensemble: cooperative proximity-based authentication},
  author={Kalamandeen, Andre and Scannell, Adin and de Lara, Eyal and Sheth, Anmol and LaMarca, Anthony},
  booktitle={Proceedings of the 8th international conference on Mobile systems, applications, and services},
  pages={331--344},
  year={2010},
  organization={ACM}
}

@article{NetworkSecurity11hacking,
  title={Hacking wifi the easy way},
  author={Bradbury, Danny},
  journal={Network Security},
  volume={2011},
  number={2},
  pages={9--12},
  year={2011},
  publisher={Elsevier}
}

@article{tifs12reciprocity,
  title={Indirect reciprocity security game for large-scale wireless networks},
  author={Xiao, Liang and Chen, Yan and Lin, W Sabrina and Liu, KJ Ray},
  journal={IEEE Transactions on Information Forensics and Security},
  volume={7},
  number={4},
  pages={1368--1380},
  year={2012},
  publisher={IEEE}
}

@article{tmc10clock,
  title={On fast and accurate detection of unauthorized wireless access points using clock skews},
  author={Jana, Suman and Kasera, Sneha K},
  journal={IEEE Transactions on Mobile Computing},
  volume={9},
  number={3},
  pages={449--462},
  year={2010},
  publisher={IEEE}
}

@article{tmc13key,
  title={Adaptive wireless channel probing for shared key generation based on pid controller},
  author={Wei, Yunchuan and Zeng, Kai and Mohapatra, Prasant},
  journal={IEEE Transactions on Mobile Computing},
  volume={12},
  number={9},
  pages={1842--1852},
  year={2013},
  publisher={IEEE}
}

@article{tpds13spoofing,
  title={Detection and localization of multiple spoofing attackers in wireless networks},
  author={Yang, Jie and Chen, Yingying and Trappe, Wade and Cheng, Jerry},
  journal={IEEE Transactions on Parallel and Distributed systems},
  volume={24},
  number={1},
  pages={44--58},
  year={2013},
  publisher={Ieee}
}

@article{tvt16spoofing,
  title={PHY-layer spoofing detection with reinforcement learning in wireless networks},
  author={Xiao, Liang and Li, Yan and Han, Guoan and Liu, Guolong and Zhuang, Weihua},
  journal={IEEE Transactions on Vehicular Technology},
  volume={65},
  number={12},
  pages={10037--10047},
  year={2016},
  publisher={IEEE}
}

@inproceedings{usenix03dos,
  title={802.11 Denial-of-Service Attacks: Real Vulnerabilities and Practical Solutions.},
  author={Bellardo, John and Savage, Stefan},
  booktitle={USENIX security},
  volume={1},
  pages={5--28},
  year={2003}
}

@inproceedings{wisec06spoofing,
  title={Detecting identity-based attacks in wireless networks using signalprints},
  author={Faria, Daniel B and Cheriton, David R},
  booktitle={Proceedings of the 5th ACM workshop on Wireless security},
  pages={43--52},
  year={2006},
  organization={ACM}
}

@inproceedings{wisec09wep,
  title={Practical attacks against WEP and WPA},
  author={Tews, Erik and Beck, Martin},
  booktitle={Proceedings of the second ACM conference on Wireless network security},
  pages={79--86},
  year={2009},
  organization={ACM}
}

@inproceedings{wisec14violating,
  title={Violating privacy through walls by passive monitoring of radio windows},
  author={Banerjee, Arijit and Maas, Dustin and Bocca, Maurizio and Patwari, Neal and Kasera, Sneha},
  booktitle={Proceedings of the 2014 ACM conference on Security and privacy in wireless \& mobile networks},
  pages={69--80},
  year={2014},
  organization={ACM}
}

book

@book{book06commprin,
  title={通信原理（第6版）},
  author={樊昌信 and 曹丽娜},
  year={2006},
  publisher={国防工业出版社},
  LANGUAGE = "Chinese",
}

link

@MISC{wikiwep,
  URL = "https://en.wikipedia.org/wiki/Wired_Equivalent_Privacy",
}

@MISC{wikicsi,
  URL = "https://en.wikipedia.org/wiki/Channel_state_information",
}

@MISC{wikirssi,
  URL = "https://en.wikipedia.org/wiki/Received_signal_strength_indication",
}

@MISC{wikifmc,
  URL = "https://en.wikipedia.org/wiki/FPGA_Mezzanine_Card",
}

@MISC{cctv315,
  AUTHOR = "中国新闻网",
  TITLE = "家庭WiFi存在更大隐患",
  URL = "http://www.cyberpolice.cn/wfjb/html/aqjt/20150320/1294.shtml",
  YEAR = "2015",
  LANGUAGE = "Chinese",
}

@MISC{pkuraw,
  URL = "http://cecaraw.pku.edu.cn/",
}

@MISC{fmcomms3,
  URL = "http://www.analog.com/cn/design-center/evaluation-hardware-and-software/evaluation-boards-kits/eval-ad-fmcomms3-ebz.html",
}

@MISC{microblaze,
  URL = "https://www.xilinx.com/products/design-tools/microblaze.html",
}

@MISC{usrpn210,
  URL = "https://www.ettus.com/product/details/UN210-KIT",
}

@MISC{cbx120,
  URL = "https://www.ettus.com/product/details/CBX120",
}

@MISC{xilinxtcl,
  URL = "https://www.xilinx.com/support/documentation/sw_manuals/xilinx2017_1/ug835-vivado-tcl-commands.pdf",
}

@MISC{xilinxip,
  URL = "https://www.xilinx.com/support/documentation/sw_manuals/xilinx2017_1/ug896-vivado-ip.pdf"
}

@MISC{xilinxblockdesign,
  URL = "https://www.xilinx.com/support/documentation/sw_manuals/xilinx2017_1/ug898-vivado-embedded-design.pdf"
}

@MISC{xilinxvc707,
  URL = "https://www.xilinx.com/products/boards-and-kits/ek-v7-vc707-g.html"
}

@MISC{xilinxhls,
  URL = "https://www.xilinx.com/products/design-tools/vivado/integration/esl-design.html"
}

groupmeets

@article{cjh16grt,
	author={陈佳华},
	title = {基于FPGA的可定制无线底层平台及其开发框架},
	type = {D},
	journal = {北京大学硕士生毕业论文},
	date = {2016-05},
	language = {chinese},
}

@article{zgh17wifi,
	author={张高瀚},
	title = {针对校园Wi-Fi的故障定位与分析模型},
	type = {D},
	journal = {北京大学硕士生毕业论文},
	date = {2017-05},
	language = {chinese},
}

@article{can14grt,
  title={GRT: a reconfigurable SDR platform with high performance and usability},
  author={Wang, Tao and Sun, Guangyu and Chen, Jiahua and Gong, Jian and Wu, Haoyang and Li, Xiaoguang and Lu, Songwu and Cong, Jason},
  journal={ACM SIGARCH Computer Architecture News},
  volume={42},
  number={4},
  pages={51--56},
  year={2014},
  publisher={ACM}
}

@inproceedings{sigda17grt,
  title={GRT 2.0: An FPGA-based SDR Platform for Cognitive Radio Networks},
  author={Wu, Haoyang and Wang, Tao and Li, Zhiwei and Ding, Boyan and Li, Xiaoguang and Jiang, Tianfu and Liu, Jun and Lu, Songwu},
  booktitle={Proceedings of the 2017 ACM/SIGDA International Symposium on Field-Programmable Gate Arrays},
  pages={294--295},
  year={2017},
  organization={ACM}
}

@article{mna16grt,
  title={GRT-duplex: A Novel SDR Platform for Full-Duplex WiFi},
  author={Wu, Haoyang and Wang, Tao and Chen, Jiahua and Liu, Sanjun and Tian, Shuyi and Lu, Songwu and Ma, Meng and Song, Lingyang and Jiao, Bingli},
  journal={Mobile Networks and Applications},
  volume={21},
  number={6},
  pages={983--993},
  year={2016},
  publisher={Springer}
}

@inproceedings{fpga17grt,
  title={GRT 2.0: An FPGA-based SDR Platform for Cognitive Radio Networks},
  author={Wu, Haoyang and Wang, Tao and Li, Zhiwei and Ding, Boyan and Li, Xiaoguang and Jiang, Tianfu and Liu, Jun and Lu, Songwu},
  booktitle={Proceedings of the 2017 ACM/SIGDA International Symposium on Field-Programmable Gate Arrays},
  pages={294--295},
  year={2017},
  organization={ACM}
}
